@inproceedings{feng2008hidden,
  title={A hidden Markov model for alphabet-soup word recognition},
  author={Feng, S. and Howe, N. and Manmatha, R.},
  booktitle={Proc. IEEE Int. Conf. on Frontiers in Handwriting Recognition (ICFHR 2008)},
  pages={210--215},
  year={2008}
}